@online{bank,
	title = {Использование алгоритмов ML для классификации многостраничных документов: опыт ВТБ},
	url = {https://habr.com/ru/company/vtb/blog/497484/},
	urldate = {28.12.2020},
	language =     "russian"
	}

@online{gosuslugi,
	title = {Госуслуги},
	url = {https://www.gosuslugi.ru},
	urldate = {28.12.2020},
	language =     "russian"
	}
	
@online{webmoney,
	title = {Webmoney},
	url = {https://www.webmoney.ru},
	urldate = {28.12.2020},
	language =     "russian"
	}
	
@online{vk,
	title = {ВКонтакте},
	url = {https://vk.com/feed},
	urldate = {28.12.2020},
	language =     "russian"
	}	
	
@online{opencv,
	title = {OpenCV},
	url = {https://opencv.org},
	urldate = {28.12.2020},
	language =     "russian"
	}	

@online{sift,
	title = {SIFT (Scale-Invariant Feature Transform)},
	url = {https://docs.opencv.org/master/da/df5/tutorial_py_sift_intro.html	},
	urldate = {28.12.2020},
	language =     "russian"
	}	


@online{images,
	title = {Распознавание документов в go-idmatch (препроцессинг)},
	url = {https://blog.maddevs.io/goidmatch-internals-e75378cee35a},
	urldate = {28.12.2020},
	language =     "russian"
	}	


@online{ocr,
	title = {Компьютерное зрение},
	url = {https://www.jetinfo.ru/computer-vision-technology-review/},
	urldate = {28.12.2020},
	language =     "russian"
	}	

@online{baes,
	title = {Наивный байесовский классификатор},
	url = {https://www.machinelearningmastery.ru/the-naive-bayes-classifier-e92ea9f47523/},
	urldate = {28.12.2020},
	language =     "russian"
	}	

@online{neighbors,
	title = {Метод k ближайших соседей },
	url = {https://intuit.ru/studies/courses/6/6/lecture/176?page=3},
	urldate = {28.12.2020},
	language =     "russian"
	}

@online{tree,
	title = {Метод деревьев решений},
	url = {https://loginom.ru/blog/decision-tree-p1},
	urldate = {28.12.2020},
	language =     "russian"
	}
	

@Book{vectors,
	author = {Баев Н.О.},
	title = {Использование метода опорных векторов в задачах классификации} ,
	publisher = {Международный журнал информационных технологий и энергоэффективности},
	year = {2017},
	language =     "russian"
	}
	
@online{linear,
	title = {Линейные модели классификации и регрессии},
	url = {https://habr.com/ru/company/ods/blog/323890/},
	urldate = {28.12.2020},
	language =     "russian"
	}	
	
@online{neuron,
	title = {Применение нейронных сетей для задач классификации},
	url = {https://basegroup.ru/community/articles/classification},
	urldate = {28.12.2020},
	language =     "russian"
	}
	
@online{smartengine,
	title = {Smart ID Engine -- Безопасное распознавание документов удостоверяющих личность 193 стран мира},
	url = {https://smartengines.ru/smart-idreader/},
	urldate = {15.04.2021},
	language =     "russian"
	}
	
@online{abbyy,
	title = {Abbyy -- Извлечение данных из документов, удостоверяющих личность},
	url = {https://www.abbyy.com/ru/solutions/forms-processing/},
	urldate = {15.04.2021},
	language =     "russian"
	}	
		
@online{jumio,
	title = {Jumio Uses AI for Automatic Recognition of ID Documents},
	url = {https://www.jumio.com/ai-id-documents/},
	urldate = {15.04.2021},
	language =     "russian"
	}
	
@online{iris,
	title = {IRIS -- Manage and process easily official Identity documents},
	url = {https://www.irislink.com/PT/c1842/IRIS---Manage---process-easily-official-Identity-documents.aspx},
	urldate = {15.04.2021},
	language =     "russian"
	}
	
@online{idmatch,
	title = {Idmatch -- Распознавание документов},
	url = {https://idmatch.co},
	urldate = {15.04.2021},
	language =     "russian"
	}
	
@online{ILSVRC,
	title = {ImageNet Large Scale Visual Recognition Challenge},
	url = {https://www.image-net.org/challenges/LSVRC/indexo},
	urldate = {15.04.2021},
	language =     "russian"
	}

@online{imagenet,
	title = {Data for ILSVRC},
	url = {https://www.kaggle.com/c/imagenet-object-localization-challenge/data},
	urldate = {15.04.2021},
	language =     "russian"
	}	
	
@online{cnn,
	title = {Adversarial Machine Learning in Image Classification: A Survey Towards the Defender’s Perspective},
	url = {https://arxiv.org/pdf/2009.03728.pdf},
	urldate = {15.04.2021},
	language =     "russian"
	}	
	
@online{numparams,
	title = {A Survey of the Recent Architectures of Deep Convolutional Neural Networks},
	url = {https://arxiv.org/pdf/1901.06032.pdf},
	urldate = {15.04.2021},
	language =     "russian"
	}	
	
@online{gpu,
	title = {Transfer Learning Using Convolutional Neural Network Architectures for Brain Tumor Classification from MRI Images},
	url = {https://europepmc.org/article/pmc/pmc7256397},
	urldate = {15.04.2021},
	language =     "russian"
	}	
	

@Book{alexnet,
	author = {Alex Krizhevsky Ilya Sutskever and Geoffrey E Hinton},
	title = {Imagenet classification with deep convolutional neural networks} ,
	publisher = {Springer},
	year = {2012},
	language =     "russian"
	}

@Book{zfnet,
	author = {Matthew D Zeiler and Rob Fergus},
	title = {Visualizing and understanding convolutional networks. In European conference on computer vision} ,
	publisher = {Springer},
	year = {2014},
	language =     "russian"
	}

@Book{vggnet,
	author = {Karen Simonyan and Andrew Zisserman},
	title = {Very deep convolutional networks for large-scale image recognition} ,
	publisher = {},
	year = {2014},
	language =     "russian"
	}
	
@Book{googlenet,
	author = {Christian Szegedy Wei Liu Yangqing Jia Pierre Sermanet Scott Reed Dragomir Anguelov Dumitru Erhan Vincent Vanhoucke and Andrew Rabinovich},
	title = {Going deeper with convolutions} ,
	publisher = {},
	year = {2015},
	language =     "russian"
	}
	
@Book{resnet,
	author = {Kaiming He Xiangyu Zhang Shaoqing Ren and Jian Sun},
	title = {Deep residual learning for image recognition} ,
	publisher = {},
	year = {2016},
	language =     "russian"
	}
	
@Book{senet,
	author = {Jie Hu Li Shen and Gang Sun},
	title = {Squeeze-and-excitation networks} ,
	publisher = {},
	year = {2017},
	language =     "russian"
	}
	
@online{human,
	title = {What I learned from competing against a ConvNet on ImageNet},
	url = {http://karpathy.github.io/2014/09/02/what-i-learned-from-competing-against-a-convnet-on-imagenet/},
	urldate = {17.04.2021},
	language =     "russian"
	}	
	
@online{readiris,
	title = {Readiris 17},
	url = {https://www.irislink.com/EN-AU/c1729/Readiris-17--the-PDF-and-OCR-solution-for-Windows-.aspx},
	urldate = {17.04.2021},
	language =     "russian"
	}	

@online{finereader,
	title = {ABBYY FineReader},
	url = {https://finereaderonline.com/ru-ru},
	urldate = {17.04.2021},
	language =     "russian"
	}
	
@online{tesseract,
	title = {Tesseract Open Source OCR Engine },
	url = {https://github.com/tesseract-ocr/tesseract},
	urldate = {17.04.2021},
	language =     "russian"
	}	

@online{cuneiform,
	title = {Cuneiform for Linux },
	url = {https://launchpad.net/cuneiform-linuxt},
	urldate = {17.04.2021},
	language =     "russian"
	}	
	
@online{ocrfeeder,
	title = {OCRFeeder - A Complete OCR Suite},
	url = {https://gitlab.gnome.org/GNOME/ocrfeeder},
	urldate = {17.04.2021},
	language =     "russian"
	}	
	
@Book{textocr,
	author = {Смирнов Сергей Владимирович},
	title = {Технология и система автоматической корректировки результатов при распознавании архивных документов} ,
	publisher = {СПИИРАН},
	year = {2015},
	language =     "russian"
	}